@article{dolder2020highly,
  title = {Highly resolved spatiotemporal simulations for exploring mixed fishery dynamics},
  journal = {Ecological Modelling},
  volume = {424},
  pages = {109000},
  year = {2020},
  issn = {0304-3800},
  doi = {https://doi.org/10.1016/j.ecolmodel.2020.109000},
  url = {https://www.sciencedirect.com/science/article/pii/S0304380020300727},
  author = {Paul J. Dolder and Cóilín Minto and Jean-Marc Guarini and Jan Jaap Poos},
  keywords = {Spatiotemporal, Mixed fisheries, Individual based, Spatial management, Heterogeneity, Bycatch avoidance}
  }
